@string{jtb = {Journal of Theoretical Biology}}

@string{ns = {New Scientist}}

@string{ntr = {Nature}}

@string{sc = {Science}}

@string{scam = {Scientific American}}

@string{scb = {Seminars in Cell Biology}}

@string{tibs = {Trends in Biochemical Sciences}}


@misc{conference2019,
	author = {Lawrence Johnson},
	date-added = {2022-11-04 14:01:27 -0400},
	date-modified = {2022-11-04 14:03:06 -0400},
	howpublished = {{Third International Conference on Talking, Aberdeen, Scotland}},
	keywords = {me},
	month = {4},
	title = {How to give a great talk},
	year = {2019}}

@book{ALBERTSETAL:1994,
	address = {New York},
	author = {Alberts, B. and others},
	edition = {third},
	publisher = {Galand},
	title = {Molecular Biology of the Cell},
	year = 1994}

@article{BAIROCH:2000,
	author = {Bairoch, A. and Apweiler, R.},
	journal = {Nucleic Acids Research},
	pages = {45--48},
	title = {The {SWISS--PROT} protein sequence database and its supplement {T}r{EMBL} in 2000},
	volume = {28},
	year = 2000}

@article{BARKER:2001,
	author = {Barker, W.C. and Garavelli, J.S. and Hou, Z. and Huang, H. and Ledley, R.S. and McGarvey, P.B. and Mewes, H.W. and Orcutt, B.C. and Pfeiffer, F. and Tsugita, A. and Vinayaka, C.R. and Xiao, C. and Yeh, L. L. and Wu, C.},
	journal = {Nucleic Acids Research},
	pages = {29--32},
	title = {Protein {I}nformation {R}esource: a community resource for expert annotation of protein data},
	volume = {29},
	year = {2001}}

@article{BERMAN:2000,
	author = {Berman, H.M. and Westbrook, J. and Feng, Z. and Gilliland, G. and Bhat, T.N. and Weissig, H. and Shindyalov, I.N. and Bourne, P.E.},
	journal = {Nucleic Acids Research},
	pages = {235--242},
	title = {The {P}rotein {D}ata {B}ank},
	volume = 28,
	year = 2000}

@book{BL:1985,
	address = {Cambridge, New York},
	author = {Blakemore, J. S.},
	callnumber = {QC176 .B63 1985},
	edition = {2nd},
	publisher = {Cambridge University Press},
	title = {Solid state physics},
	year = {1985}}

@article{CSND:1999,
	author = {Takai--Igarashi, Takako},
	journal = {Trends in {G}lycoscience and {G}lycotechnology},
	keywords = {me},
	number = {60},
	pages = {201--210},
	title = {Guide to the {C}ell {S}ignaling {N}etworks {D}atabase},
	volume = {11},
	year = 1999}

@book{FERSHT:1985,
	author = {Fersht, A.},
	edition = {2nd},
	publisher = {WH Freeman and Co.},
	title = {Enzyme Structure and Mechanism},
	year = 1985}

@inproceedings{FISCHER:1987a,
	address = {New York},
	author = {Fischer, E.H.},
	booktitle = {Signal Transduction and Protein Phosphorylation},
	editor = {Heilmeyer, L.M.G.},
	note = {{NATO ASI Series.} first Proceedings of a {NATO/FEBS} Summer School on Signal Transduction and Protein Phosphorylation, held September 14--26, at the Korgialenics School, on the Island of Spetsai, Greece},
	organization = {NATO Scientific Affairs Division},
	pages = {127--142},
	publisher = {Plenum Press},
	title = {Protein Phosphorylation: A Historical Overview},
	year = 1987}

@article{HOFMANN:1999,
	author = {Hofmann, K. and Bucher P. and Falquet, L. and Bairoch, A.},
	journal = {Nucleic Acids Research},
	pages = {215--219},
	title = {The {PROSITE} database, its status in 1999},
	volume = {27},
	year = 1999}

@article{KAUFFMAN:1969,
	author = {Kauffman, S. A.},
	journal = jtb,
	pages = {437--467},
	title = {Metabolic stability and epigenesis in randomly connected nets},
	volume = {22},
	year = {1969}}

@article{KREEGIPUU:1999,
	author = {Kreegipuu, A. and Blom, N. and Brunak, S.},
	journal = {Nucleic Acids Research},
	pages = {237--239},
	title = {Phospho{B}ase, a database of phosphorylation sites: release 2.0},
	volume = {27},
	year = 1999}

@incollection{MR1191182,
	address = {Philadelphia, PA},
	author = {Ochs, Jr., Robert L. and Vogel, Curtis R.},
	booktitle = {Invariant embedding and inverse problems (Albuquerque, NM, 1990)},
	mrclass = {78A40},
	mrnumber = {1 191 182},
	pages = {51--63},
	publisher = {SIAM},
	title = {Energy optimization in electromagnetic wave propagation},
	year = {1992}}

@article{MR1617060,
	author = {Gilchrist, John and Kriegsmann, Gregory A. and Papageorgiou, Demetrios T.},
	coden = {IJAMDM},
	fjournal = {IMA Journal of Applied Mathematics},
	issn = {0272-4960},
	journal = {IMA J. Appl. Math.},
	mrclass = {76E15 (76R05)},
	mrnumber = {1 617 060},
	number = {1},
	pages = {73--89},
	title = {Stability of a microwave heated fluid layer},
	volume = {60},
	year = {1998}}

@article{PKR:1997,
	author = {Smith, C.M. and Shindyalov, I.L. and Veretnik, S. and Gribskov, M. and Taylor, S. S. and Ten Eyck, L.F. and Bourne, P.E.},
	journal = tibs,
	number = {11},
	pages = {444-446},
	title = {The {P}rotein {K}inase {R}esource},
	volume = {22},
	year = 1997}
